@article{graedel2014employing,
  title={Employing considerations of criticality in product design},
  author={Graedel, Thomas E and Nuss, Philip},
  journal={Jom},
  volume={66},
  pages={2360--2366},
  year={2014},
  publisher={Springer}
}

@misc{kristof2010finalreport,
  title={Final report of the project "Material Efficiency and Resource Research" (MaRess)},
  author={Kristof, K and Hennicke, P},
  year={2010},
  publisher={Wuppertal: Wuppertal Institute for Climate, Environment, Energy GmbH}
}

@article{achzet2013evaluate,
  title={How to evaluate raw material supply risks—an overview},
  author={Achzet, Benjamin and Helbig, Christoph},
  journal={Resources Policy},
  volume={38},
  number={4},
  pages={435--447},
  year={2013},
  publisher={Elsevier}
}

@article{helbig2021overview,
  title={An overview of indicator choice and normalization in raw material supply risk assessments},
  author={Helbig, Christoph and Bruckler, Martin and Thorenz, Andrea and Tuma, Axel},
  journal={Resources},
  volume={10},
  number={8},
  pages={79},
  year={2021},
  publisher={MDPI}
}

@article{orris1950herfindahl,
  title={Herfindahl. Concentration in the us steel industry},
  author={Orris, C},
  journal={Unpublished PhD. Dissertation, Columbia University},
  year={1950}
}

@incollection{graedel2019defining,
  title={Defining the criticality of materials},
  author={Graedel, TE and Reck, Barbara K},
  booktitle={Critical Materials: Underlying Causes and Sustainable Mitigation Strategies},
  pages={103--115},
  year={2019},
  publisher={World Scientific}
}

@article{schrijvers2020review,
  title={A review of methods and data to determine raw material criticality},
  author={Schrijvers, Dieuwertje and Hool, Alessandra and Blengini, Gian Andrea and Chen, Wei-Qiang and Dewulf, Jo and Eggert, Roderick and van Ellen, Layla and Gauss, Roland and Goddin, James and Habib, Komal and others},
  journal={Resources, conservation and recycling},
  volume={155},
  pages={104617},
  year={2020},
  publisher={Elsevier}
}

@article{riddle2015global,
  title={Global critical materials markets: An agent-based modeling approach},
  author={Riddle, Matthew and Macal, Charles M and Conzelmann, Guenter and Combs, Todd E and Bauer, Diana and Fields, Fletcher},
  journal={Resources Policy},
  volume={45},
  pages={307--321},
  year={2015},
  publisher={Elsevier}
}

@misc{UNSDG,
title= {The Sustainable Development Goals Report:
Special edition},
author={United Nations General Assembly},
year = {2023},
url = {https://unstats.un.org/sdgs/report/2023/The-Sustainable-Development-Goals-Report-2023.pdf},
publisher= {UN DESA Publications}
}

@article{KOLOTZEK2018566,
title = {A company-oriented model for the assessment of raw material supply risks, environmental impact and social implications},
journal = {Journal of Cleaner Production},
volume = {176},
pages = {566-580},
year = {2018},
issn = {0959-6526},
doi = {https://doi.org/10.1016/j.jclepro.2017.12.162},
url = {https://www.sciencedirect.com/science/article/pii/S0959652617331335},
author = {Christoph Kolotzek and Christoph Helbig and Andrea Thorenz and Armin Reller and Axel Tuma},
keywords = {Raw material assessment, AHP, Decision support, Supply risk, Environmental impacts, Social implication},
}

@article{gloser2015raw,
  title={Raw material criticality in the context of classical risk assessment},
  author={Gl{\"o}ser, Simon and Espinoza, Luis Tercero and Gandenberger, Carsten and Faulstich, Martin},
  journal={Resources Policy},
  volume={44},
  pages={35--46},
  year={2015},
  publisher={Elsevier}
}

@article{ioannidou2019future,
  title={The future in and of criticality assessments},
  author={Ioannidou, Dimitra and Heeren, Niko and Sonnemann, Guido and Habert, Guillaume},
  journal={Journal of Industrial Ecology},
  volume={23},
  number={4},
  pages={751--766},
  year={2019},
  publisher={Wiley Online Library}
}

@article{nrc2008minerals,
  title={Minerals, critical minerals, and the US economy},
  author={NRC, US and National Research Council and others},
  journal={Washington, DC http://www. nma. org/pdf/101606\_nrc\_study. pdf (01.10. 2014)},
  year={2008}
}

@article{reller2011criticality,
  title={Criticality of metal resources for functional materials used in electronics and microelectronics},
  author={Reller, Armin},
  journal={physica status solidi (RRL)--Rapid Research Letters},
  volume={5},
  number={9},
  pages={309--311},
  year={2011},
  publisher={Wiley Online Library}
}

@article{helbig2021selecting,
  title={Selecting and prioritizing material resources by criticality assessments},
  author={Helbig, Christoph and Schrijvers, Dieuwertje and Hool, Alessandra},
  journal={One Earth},
  volume={4},
  number={3},
  pages={339--345},
  year={2021},
  publisher={Elsevier}
}

@article{doi:10.1021/es203534z,
author = {Graedel, T. E. and Barr, Rachel and Chandler, Chelsea and Chase, Thomas and Choi, Joanne and Christoffersen, Lee and Friedlander, Elizabeth and Henly, Claire and Jun, Christine and Nassar, Nedal T. and Schechner, Daniel and Warren, Simon and Yang, Man-yu and Zhu, Charles},
title = {Methodology of Metal Criticality Determination},
journal = {Environmental Science \& Technology},
volume = {46},
number = {2},
pages = {1063-1070},
year = {2012},
doi = {10.1021/es203534z},
    note ={PMID: 22191617},
URL = {     
        https://doi.org/10.1021/es203534z
},
eprint = { 
        https://doi.org/10.1021/es203534z
}}

@article{panousi,
author = {Panousi, Stefania and Harper, E. M. and Nuss, Philip and Eckelman, Matthew J. and Hakimian, Ali and Graedel, T. E.},
title = {Criticality of Seven Specialty Metals},
journal = {Journal of Industrial Ecology},
volume = {20},
number = {4},
pages = {837-853},
year = {2016},
keywords = {antimony, barium, bismuth, mercury, scandium, strontium, thallium},
doi = {https://doi.org/10.1111/jiec.12295},
url = {https://onlinelibrary.wiley.com/doi/abs/10.1111/jiec.12295},
eprint = {https://onlinelibrary.wiley.com/doi/pdf/10.1111/jiec.12295}
}

@article{entr2014report,
  title={Report on critical raw materials for the EU},
  author={Entr, D},
  journal={European Commission: Brussels, Belgium},
  year={2014}
}

@article{frenzel2017raw,
  title={Raw material ‘criticality’—sense or nonsense?},
  author={Frenzel, M and Kullik, J and Reuter, Markus A and Gutzmer, J},
  journal={Journal of Physics D: Applied Physics},
  volume={50},
  number={12},
  pages={123002},
  year={2017},
  publisher={IOP Publishing}
}

@article{caldas2015materials,
  title={Materials management practices in the construction industry},
  author={Caldas, Carlos H and Menches, Cindy L and Reyes, Pedro M and Navarro, Laure and Vargas, Daniel M},
  journal={Practice Periodical on Structural Design and Construction},
  volume={20},
  number={3},
  pages={04014039},
  year={2015},
  publisher={American Society of Civil Engineers}
}

@inproceedings{kar2019assessment,
  title={Assessment of criticality of materials in a construction project},
  author={Kar, Santu and Jha, Kumar Neeraj},
  booktitle={Proc., 35th Conf. and Annual General Meeting of ARCOM. Leeds, UK: Association of Researchers in Construction Management},
  year={2019}
}

@article{helbig2016evaluate,
  title={How to evaluate raw material vulnerability-An overview},
  author={Helbig, Christoph and Wietschel, Lars and Thorenz, Andrea and Tuma, Axel},
  journal={Resources Policy},
  volume={48},
  pages={13--24},
  year={2016},
  publisher={Elsevier}
}

@article{gloser2014analyse,
  title={Analyse kritischer Rohstoffe durch Methoden der multivariaten Statistik},
  author={Gl{\"o}ser, Simon and Faulstich, M},
  journal={Rohstoffeffizienz und Rohstoffinnovationen},
  pages={53--79},
  year={2014}
}

@article{DAW2017173,
title = {Security of mineral resources: A new framework for quantitative assessment of criticality},
journal = {Resources Policy},
volume = {53},
pages = {173-189},
year = {2017},
issn = {0301-4207},
doi = {https://doi.org/10.1016/j.resourpol.2017.06.013},
url = {https://www.sciencedirect.com/science/article/pii/S0301420716301726},
author = {Georges Daw},
keywords = {A10-A12-D40-F5-F14-O5-Q31-Q37, Criticality, International trade, International raw material transformation, Lithium, Mineral resources, Production}
}

@article{doi:10.1080/15623599.2020.1742637,
author = {Santu Kar and Kumar Neeraj Jha},
title = {Assessing criticality of construction materials for prioritizing their procurement using ANP-TOPSIS},
journal = {International Journal of Construction Management},
volume = {22},
number = {10},
pages = {1852-1862},
year = {2022},
publisher = {Taylor & Francis},
doi = {10.1080/15623599.2020.1742637},URL = {https://doi.org/10.1080/15623599.2020.1742637},
eprint = {https://doi.org/10.1080/15623599.2020.1742637}}

@Article{su13020862,
AUTHOR = {Ponomarenko, Tatiana and Nevskaya, Marina and Jonek-Kowalska, Izabela},
TITLE = {Mineral Resource Depletion Assessment: Alternatives, Problems, Results},
JOURNAL = {Sustainability},
VOLUME = {13},
YEAR = {2021},
NUMBER = {2},
ARTICLE-NUMBER = {862},
URL = {https://www.mdpi.com/2071-1050/13/2/862},
ISSN = {2071-1050},
DOI = {10.3390/su13020862}
}

@article{SANTOPIETRO199839,
title = {Alternative methods for estimating resource rent and depletion cost: the case of Argentina's YPF},
journal = {Resources Policy},
volume = {24},
number = {1},
pages = {39-48},
year = {1998},
issn = {0301-4207},
doi = {https://doi.org/10.1016/S0301-4207(98)00006-3},
url = {https://www.sciencedirect.com/science/article/pii/S0301420798000063},
author = {George D Santopietro},
keywords = {resource rent, depletion cost, natural resource depletion, oil, Argentina, sustainable development}
}

@book{herfindahl1997concentration,
  title={Concentration in the steel industry},
  author={Herfindahl, Orris C},
  year={1997},
  publisher={Columbia University}
}

@misc{Worldbank,
author = {Daniel Kaufmann and Aart Kraay},
  title = {Worldwide Governance Indicators},
  year = {2023},
  note = {Last accessed 09 February 2024},
  url = {www.govindicators.org}
}

@misc{fraserinstitute,
    author={Jackson, Taylor and Kenneth P. Green},
    title= {Fraser Institute Annual Survey of Mining Companies },
    year = {2016},
    url = {http://www.fraserinstitute.org}

}

@misc{EPI,
    author = {Wolf M. J, Emerson J. W, Esty D. C, de Sherbinin A, Wendling Z. A, et al.} ,
    title = {2022 Environmental Performance Index},
    year = {2022},
    publisher={Yale Center for Environmental Law & Policy},
    url = {epi.yale.edu}
    
}

@article{jasinski2018assessing,
  title={Assessing supply risks for non-fossil mineral resources via multi-criteria decision analysis},
  author={Jasi{\'n}ski, Dominik and Cinelli, Marco and Dias, Luis C and Meredith, James and Kirwan, Kerry},
  journal={Resources Policy},
  volume={58},
  pages={150--158},
  year={2018},
  publisher={Elsevier}
}

@article{roelich2014assessing,
  title={Assessing the dynamic material criticality of infrastructure transitions: A case of low carbon electricity},
  author={Roelich, Katy and Dawson, David A and Purnell, Phil and Knoeri, Christof and Revell, Ruairi and Busch, Jonathan and Steinberger, Julia K},
  journal={Applied Energy},
  volume={123},
  pages={378--386},
  year={2014},
  publisher={Elsevier}
}

@article{conceiccao2020human,
  title={Human development report 2020-the next frontier: Human development and the anthropocene},
  author={Concei{\c{c}}{\~a}o, Pedro},
  journal={United Nations Development Programme: Human Development Report},
  year={2020}
}

@article{goddin2019identifying,
  title={Identifying supply chain risks for critical and strategic materials},
  author={Goddin, James RJ},
  journal={Critical Materials-Underlying Causes and Sustainable Mitigation Strategies; World Scientific Publishing Co. Pte. Ltd.: Singapore},
  pages={117--150},
  year={2019}
}

@incollection{marscheider2021rohstoffe,
  title={Rohstoffe f{\"u}r Zukunftstechnologien 2021: Auftragsstudie},
  author={Marscheider-Weidemann, Frank},
  booktitle={Rohstoffe f{\"u}r Zukunftstechnologien 2021: Auftragsstudie: Marscheider-Weidemann, Frank},
  year={2021},
  publisher={Berlin: DERA}
}

@article{bastein2014draft,
  title={Draft Final Report Raw materials in the Dutch Economy--a vulnerability assessment},
  author={Bastein, Ton and Rietveld, Elmer and van Zyl, Stephen},
  year={2014}
}

@article{EVRecycle,
    author = {Maja Stefanovic},
    title = {Second life: What You Need to Know About \text{EV} Battery Recycling} ,
    journal = {HERE},
    year = {2023}
}

@article{solarsavings,
    author = { Katharine Allison},
    title ={Solar panel grants: Available UK schemes in 202} ,
    journal = {Independent Advisor},
    year = {2024}
}

@article{renewableshare,
    author = {Simon Evans, Verner Viisainen},
    title = {Analysis: UK electricity from fossil fuels drops to lowest level since 1957},
    journal = {Carbon Brief},
    year = {2024}
}

@article{BAI2020304,
title = {Energy and environmental aspects in recycling lithium-ion batteries: Concept of Battery Identity Global Passport},
journal = {Materials Today},
volume = {41},
pages = {304-315},
year = {2020},
issn = {1369-7021},
doi = {https://doi.org/10.1016/j.mattod.2020.09.001},
url = {https://www.sciencedirect.com/science/article/pii/S1369702120303060},
author = {Yaocai Bai and Nitin Muralidharan and Yang-Kook Sun and Stefano Passerini and M. {Stanley Whittingham} and Ilias Belharouak}

}

@article{sludge,
author = {Xianlai Zeng, Jinhui Li and Narendra Singh},
title = {Recycling of Spent Lithium-Ion Battery: A Critical Review},
journal = {Critical Reviews in Environmental Science and Technology},
volume = {44},
number = {10},
pages = {1129-1165},
year = {2014},
publisher = {Taylor & Francis},
doi = {10.1080/10643389.2013.763578},


URL = { 
    
        https://doi.org/10.1080/10643389.2013.763578
    
    

},
eprint = { 
    
        https://doi.org/10.1080/10643389.2013.763578
    
    

}

}

@article{grutzke2015investigation,
  title={Investigation of the Storage Behavior of Shredded Lithium-Ion Batteries from Electric Vehicles for Recycling Purposes},
  author={Gr{\"u}tzke, Martin and Kr{\"u}ger, Steffen and Kraft, Vadim and Vortmann, Britta and Rothermel, Sergej and Winter, Martin and Nowak, Sascha},
  journal={ChemSusChem},
  volume={8},
  number={20},
  pages={3433--3438},
  year={2015},
  publisher={Wiley Online Library}
}

@article{christensen2021risk,
  title={Risk management over the life cycle of lithium-ion batteries in electric vehicles},
  author={Christensen, Paul A and Anderson, Paul A and Harper, Gavin DJ and Lambert, Simon M and Mrozik, Wojciech and Rajaeifar, Mohammad Ali and Wise, Malcolm S and Heidrich, Oliver},
  journal={Renewable and Sustainable Energy Reviews},
  volume={148},
  pages={111240},
  year={2021},
  publisher={Elsevier}
}

@article{faria2014primary,
  title={Primary and secondary use of electric mobility batteries from a life cycle perspective},
  author={Faria, Ricardo and Marques, Pedro and Garcia, Rita and Moura, Pedro and Freire, Fausto and Delgado, Joaquim and de Almeida, An{\'\i}bal T},
  journal={Journal of Power Sources},
  volume={262},
  pages={169--177},
  year={2014},
  publisher={Elsevier}
}

@article{liu2022overview,
  title={Overview of batteries and battery management for electric vehicles},
  author={Liu, Wei and Placke, Tobias and Chau, KT},
  journal={Energy Reports},
  volume={8},
  pages={4058--4084},
  year={2022},
  publisher={Elsevier}
}

@inproceedings{gaines2011life,
  title={Life-cycle analysis for lithium-ion battery production and recycling},
  author={Gaines, Linda and Sullivan, John and Burnham, Andrew and Belharouak, Ilias},
  booktitle={Transportation Research Board 90th Annual Meeting, Washington, DC},
  pages={23--27},
  year={2011}
}

@phdthesis{batterycomp,
author={Richa,Kirti},
year={2016},
title={Sustainable management of lithium-ion batteries after use in electric vehicles},
journal={ProQuest Dissertations and Theses},
pages={198},
note={Copyright - Database copyright ProQuest LLC; ProQuest does not claim copyright in the individual underlying works; Last updated - 2024-03-14},
keywords={Social sciences; Health and environmental sciences; Circular economy; Electric vehicles; Industrial ecology; Life cycle assessment; Lithium-ion battery; Material flow analyis; Sustainability; Environmental studies; 0477:Environmental Studies; 0640:Sustainability},
isbn={978-1-369-44358-5},
language={English},
url={https://www.proquest.com/dissertations-theses/sustainable-management-lithium-ion-batteries/docview/1865634774/se-2}
}

@article{WANG2016204,
title = {Targeting high value metals in lithium-ion battery recycling via shredding and size-based separation},
journal = {Waste Management},
volume = {51},
pages = {204-213},
year = {2016},
issn = {0956-053X},
doi = {https://doi.org/10.1016/j.wasman.2015.10.026},
url = {https://www.sciencedirect.com/science/article/pii/S0956053X15301756},
author = {Xue Wang and Gabrielle Gaustad and Callie W. Babbitt},
keywords = {Material segregation, Resource recovery, Shredding, Mechanical separation}
}

@article{zou2013novel,
  title={A novel method to recycle mixed cathode materials for lithium ion batteries},
  author={Zou, Haiyang and Gratz, Eric and Apelian, Diran and Wang, Yan},
  journal={Green Chemistry},
  volume={15},
  number={5},
  pages={1183--1191},
  year={2013},
  publisher={Royal Society of Chemistry}
}